@inbook{golfarelli:2009:dwd,
   author    = {M. Golfarelli and S. Rizzi},
   title     = {Data Warehouse Design: Modern Principles and Methodologies},
   chapter   = {1},
   pages     = {1-42},
   publisher = {McGraw-Hill Professional},
   address   = {India},
   edition   = {first},
   year      = {2009},
   month     = jan,
   isbn={9780071610407}
}

@mastersthesis{wang:2014sar,
	author = {H. Wang},
	title = {Sparse Array Representations And Some Selected Array Operations On GPUs},
	type = {{MSc Dissertation}},	
	school = {University of the Witwatersrand},
	address = {Johannesburg, South Africa},
	month = jul,
	year = 2014
}

@inproceedings{otoo:2006:esa,
   author    = {E. J. Otoo and D. Rotem},
   title     = {Efﬁcient Storage Allocation of Large-Scale Extendible Multi-dimensional Scientiﬁc Datasets},
   booktitle = {18th International Conference on Scientific and Statistical Database Management},
   pages     = {179-183},
   publisher = {IEEE},
   year      = {2006}
}

@misc{twala:2017:bda,
   author = {B. Twala},
   howpublished = {presentation},
   title = {Big Data for Africa},
   year = {2017},
   month = feb
}

@inproceedings{nimako:2012:ced,
   author    = {G. Nimako and E. J. Otoo and D. Ohene-Kwofie},
   title     = {Chunked Extendible Dense Arrays for Scientiﬁc Data Storage},
   booktitle = {41st International Conference on Parallel Processing Workshops},
   pages     = {38-47},
   year      = {2012}
}

@inproceedings{otoo:2016:msa,
   author    = {E. J. Otoo and H. Wang and G. Nimako},
   title     = {Multidimensional Sparse Array Storage for Data Analytics},
   booktitle = {IEEE 18th International Conference on High Performance Computing and Communications; IEEE 14th International Conference on Smart City; IEEE 2nd International Conference on Data Science and Systems},
   pages     = {1520-1529},
   year      = {2016}
}

@book{roth:2016:dsd,
	author = {C. H. Roth and L. John},
	booktitle = {Digital Systems Design Using VHDL},
	publisher = {Cengage Learning},
	address = {United States of America},
	edition = {third},
	year = {2016}
}

@techreport{goil:bess,
	author = {S. Goil and A. Choudhary},
	title = {BESS: A Sparse Storage Structure of Multi-dimensional Data for OLAP and Data Mining},
	number = {CPDC-TR-9801-005},
	 institution = {Centre for Parallel and Distributed Computing},
	 address = {Northwestern University},
	year = {1997}
}
